@article{knuth84,
  author = {Knuth, Donald E.},
  title = {Literate Programming},
  year = {1984},
  issue_date = {May 1984},
  publisher = {Oxford University Press, Inc.},
  address = {USA},
  volume = {27},
  number = {2},
  issn = {0010-4620},
  url = {https://doi.org/10.1093/comjnl/27.2.97},
  doi = {10.1093/comjnl/27.2.97},
  journal = {Comput. J.},
  month = may,
  pages = {97â€“111},
  numpages = {15}
}

@article{frimpong2021tracking,
  title = {Tracking Urban Expansion Using Random Forests for the Classification of Landsat Imagery (1986--2015) and Predicting Urban/Built-Up Areas for 2025: A Study of the Kumasi Metropolis, Ghana},
  author = {Frimpong, Bismark Kwasi and Molkenthin, Frank},
  journal = {Land},
  volume = {10},
  number = {1},
  pages = {44},
  year = {2021},
  doi = {10.3390/land10010044}
}

@inbook{young2017satellite,
  title = {Satellite Earth Observations in Environmental Problem-Solving},
  author = {Young, Oran and Onoda, Masami},
  booktitle = {Satellite Earth Observations and Their Impact on Society and Policy},
  pages = {3--27},
  year = {2017},
  publisher = {Springer}
}

@article{lima2019comparing,
  title = {Comparing Sentinel-2 MSI and Landsat 8 OLI Imagery for Monitoring Selective Logging in the Brazilian Amazon},
  author = {Lima, Taise A. and Beuchle, R{\'e}mi and Langner, Andreas and others},
  journal = {Remote Sensing},
  volume = {11},
  number = {8},
  pages = {961},
  year = {2019},
  doi = {10.3390/rs11080961}
}


@article{chini2019sentinel,
  title={Sentinel-1 InSAR Coherence to Detect Floodwater in Urban Areas: Houston and Hurricane Harvey as A Test Case},
  author={Chini, Marco and Pelich, Ramona and others},
  journal={Remote Sensing},
  volume={11},
  number={2},
  pages={107},
  year={2019},
  doi={10.3390/rs11020107}
}

@inproceedings{abdikan2016land,
  title={Land cover mapping using sentinel-1 SAR data},
  author={Abdikan, Saygin and others},
  booktitle={ISPRS Archives},
  volume={XLI-B7},
  pages={757--761},
  year={2016},
  doi={10.5194/isprs-archives-XLI-B7-757-2016}
}

@article{ilori2019analyzing,
  title = {Analyzing Performances of Different Atmospheric Correction Techniques for {Landsat} 8: Application for Coastal Remote Sensing},
  author = {Ilori, Christopher O. and Pahlevan, Nima and Knudby, Anders},
  journal = {Remote Sensing},
  volume = {11},
  number = {4},
  pages = {469},
  year = {2019},
  doi = {10.3390/rs11040469},
  url = {https://www.mdpi.com/2072-4292/11/4/469}
}

@article{mayer2011remote,
  title = {Use of Remote Sensing to Support Forest and Wetlands Policies in the {{USA}}},
  author = {Mayer, Audrey L. and Lopez, Ricardo D.},
  date = {2011},
  journaltitle = {Remote Sensing},
  volume = {3},
  number = {6},
  pages = {1211--1233},
  doi = {10.3390/rs3061211},
  langid = {english}
}

@article{xue2017fusing,
  title = {Fusing Observational, Satellite Remote Sensing and Air Quality Model Simulated Data to Estimate Spatiotemporal Variations of {{PM2}}.5 Exposure in {{China}}},
  author = {Xue, Tao and Zheng, Yixuan and Geng, Guannan and Zheng, Bo and Jiang, Xujia and Zhang, Qiang and He, Kebin},
  date = {2017},
  journaltitle = {Remote Sensing},
  volume = {9},
  number = {3},
  pages = {221},
  doi = {10.3390/rs9030221},
  langid = {english}
}

@article{farhadi2025introducing,
  title = {Introducing a New Index for Flood Mapping Using {Sentinel-2} Imagery ({SFMI})},
  author = {Farhadi, Hadi and Ebadi, Hamid and Kiani, Abbas and Asgary, Ali},
  journal = {Computers \& Geosciences},
  volume = {194},
  pages = {105742},
  year = {2025},
  doi = {10.1016/j.cageo.2024.105742}
}

@article{liu2023analysis,
  title = {Analysis of the Spatiotemporal Characteristics and Influencing Factors of the {NDVI} Based on the {GEE} Cloud Platform and {Landsat} Images},
  author = {Liu, Zheng and Chen, Yang and Chen, Cheng},
  journal = {Remote Sensing},
  volume = {15},
  number = {20},
  pages = {4980},
  year = {2023},
  doi = {10.3390/rs15204980}
}

@article{kussul2017deep,
  title = {Deep Learning Classification of Land Cover and Crop Types Using Remote Sensing Data},
  author = {Kussul, Nataliia and Lavreniuk, Mykola and Skakun, Sergii and Shelestov, Andrii},
  journal = {IEEE Geoscience and Remote Sensing Letters},
  volume = {14},
  number = {5},
  pages = {778--782},
  year = {2017},
  doi = {10.1109/LGRS.2017.2681128}
}

@article{billah2023random,
  title = {Random Forest Classifications for Landuse Mapping to Assess Rapid Flood Damage Using {Sentinel-1} and {Sentinel-2} Data},
  author = {Billah, Maruf and Islam, A.K.M. Saiful and Mamoon, Wasif Bin and Rahman, Mohammad Rezaur},
  journal = {Remote Sensing Applications: Society and Environment},
  volume = {30},
  pages = {100947},
  year = {2023},
  doi = {10.1016/j.rsase.2023.100947}
}

@article{yuan2022research,
  title = {Research on Lightweight Disaster Classification Based on High-Resolution Remote Sensing Images},
  author = {Yuan, Jie and Ma, Xiaoxue and Han, Guihua and Li, Shuo and Gong, Wei},
  journal = {Remote Sensing},
  volume = {14},
  number = {11},
  pages = {2577},
  year = {2022},
  doi = {10.3390/rs14112577}
}

@article{liu2016geological,
  title = {Geological Disaster Recognition on Optical Remote Sensing Images Using Deep Learning},
  author = {Liu, Ying and Wu, Linzhi},
  journal = {Procedia Computer Science},
  volume = {91},
  pages = {566--575},
  year = {2016},
  doi = {10.1016/j.procs.2016.07.144}
}



